<?xml version="1.0" encoding="UTF-8"?><collection xmlns="http://www.loc.gov/MARC21/slim"><record><leader>00370nam--2200121-i-4500</leader><controlfield tag="001">000046370</controlfield><controlfield tag="002">20161230</controlfield><controlfield tag="005">20161230201045</controlfield><controlfield tag="008">060222s1000------------r-----000-0-eng-d</controlfield><datafield ind1=" " ind2=" " tag="100"><subfield code="a">Ursu, I</subfield></datafield><datafield ind1=" " ind2=" " tag="245"><subfield code="a">Variatia viscozitatii oxigenului si amestecurilor de gaze cu oxigen in cimp magnet</subfield></datafield><datafield ind1=" " ind2=" " tag="260"><subfield code="a">Cluj, Lit.Invat., 1956, 14p.Lito (Facult.De Mat.Si Fiz.Cluj)</subfield></datafield><datafield ind1=" " ind2=" " tag="852"><subfield code="a">4790</subfield></datafield></record></collection>